@misc{coq,
  author    = {{Coq Development Team}, The},
  title     = {{The Coq Proof Assistant}},
  month     = Jan,
  year      = 2022,
  publisher = {Zenodo},
  version   = {8.15},
  doi       = {10.5281/zenodo.5846982},
  url       = {https://coq.github.io/doc/v8.15/refman}
}

@phdthesis{agda,
  author  = {Norell, Ulf},
  school  = {Chalmers University of Technology and G\"oteborg University},
  title   = {Towards a practical programming language based on dependent type theory},
  year    = 2007,
  url     = {https://research.chalmers.se/en/publication/46311},
  address = {G\"oteborg, Sweden}
}

@inproceedings{lean,
  author    = {de Moura, Leonardo and Kong, Soonho and Avigad, Jeremy and van Doorn, Floris and von Raumer, Jakob},
  booktitle = {International Conference on Automated Deduction},
  title     = {{The Lean Theorem Prover (System Description)}},
  year      = 2015,
  month     = Aug,
  volume    = {9195},
  doi       = {10.1007/978-3-319-21401-6\_26},
  series    = {Lecture Notes in Computer Science},
  isbn      = {978-3-319-21400-9, 978-3-319-21401-6},
  pages     = {378--388},
  publisher = {Springer, Cham},
  address   = {Cham, Switzerland}
}

@misc{mltt,
  author    = {Martin-L\"of, Per},
  title     = {An intuitionistic theory of types},
  year      = 1972,
  publisher = {University of Stockholm}
}

@techreport{coc,
  title = {{The calculus of constructions}},
  author = {Coquand, Thierry and Huet, G{\'e}rard},
  url = {https://hal.inria.fr/inria-00076024},
  number = {RR-0530},
  institution = {INRIA},
  year = 1986,
  month = May,
}

@inproceedings{stratified,
  title      = {Stratified polymorphism},
  doi        = {10.1109/LICS.1989.39157},
  eventtitle = {[1989] Proceedings. Fourth Annual Symposium on Logic in Computer Science},
  pages      = {39--47},
  booktitle  = {[1989] Proceedings. Fourth Annual Symposium on Logic in Computer Science},
  author     = {Leivant, Daniel},
  year       = {1989}
}

@misc{crude,
  author = {McBride, Conor},
  title  = {{Crude but Effective Stratification}},
  url    = {https://mazzo.li/epilogue/index.html%3Fp=857&cpage=1.html},
  year   = {2011}
}

@article{berardi,
  author  = {Barbanera, Franco and Berardi, Stefano},
  title   = {Proof-irrelevance out of Excluded-middle and Choice in the Calculus of Constructions},
  journal = {Journal of Functional Programming},
  year    = {1996},
  volume  = 6,
  number  = 3,
  pages   = {519--525},
  doi     = {10.1017/S0956796800001829}
}

@Book{hott,
  author    = {The {Univalent Foundations Program}},
  title     = {Homotopy Type Theory: Univalent Foundations of Mathematics},
  publisher = {\url{https://homotopytypetheory.org/book}},
  address   = {Institute for Advanced Study},
  year      = 2013
}

@article{dcoi,
  author     = {Liu, Yiyun and Chan, Jonathan and Shi, Jessica and Weirich, Stephanie},
  title      = {{Internalizing Indistinguishability with Dependent Types}},
  year       = 2024,
  publisher  = {Association for Computing Machinery},
  volume     = 8,
  number     = {POPL},
  doi        = {10.1145/3632886},
  journal    = {Proc. ACM Program. Lang.},
  month      = Jan,
  articleno  = 44,
  numpages   = 28
}

@article{dcoi-omega,
  author     = {Liu, Yiyun and Chan, Jonathan and Weirich, Stephanie},
  title      = {{Consistency of a Dependent Calculus of Indistinguishability}},
  year       = 2025,
  publisher  = {Association Computing Machinery},
  volume     = 9,
  number     = {POPL},
  doi        = {10.1145},
  journal    = {Proc. ACM Program. Lang.},
  month      = Jan,
  numpages   = 27
}

@article{proofs-for-free,
  title   = {{Proofs for free: Parametricity for dependent types}},
  volume  = 22,
  DOI     = {10.1017/S0956796812000056},
  number  = 2,
  journal = {Journal of Functional Programming},
  author  = {Bernardy, Jean-Philipe and Jansson, Patrik and Paterson, Ross},
  year    = 2012,
  pages   = {107-–152}
}

@incollection{cic,
  location  = {New York, {NY}},
  title     = {{Inductively defined types in the Calculus of Constructions}},
  volume    = 442,
  isbn      = {978-0-387-97375-3 978-0-387-34808-7},
  pages     = {209--228},
  booktitle = {Mathematical Foundations of Programming Semantics},
  publisher = {Springer-Verlag},
  author    = {Pfenning, Frank and Paulin-Mohring, Christine},
  editor    = {Main, M. and Melton, A. and Mislove, M. and Schmidt, D.},
  editorb   = {Goos, G. and Hartmanis, J. and Barstow, D. and Brauer, W. and Brinch Hansen, P. and Gries, D. and Luckham, D. and Moler, C. and Pnueli, A. and Seegmüller, G. and Stoer, J. and Wirth, N.},
  year      = 1990,
  doi       = {10.1007/BFb0040259},
  address   = {Berlin/Heidelberg, Germany}
}

@misc{ott,
 title  = {Towards Observational Type Theory},
 author = {Altenkirch, Thorsten and {McBride}, Conor},
 year   = 2006,
 url    = {http://strictlypositive.org/ott.pdf}
}

@inproceedings{ott-now,
  author    = {Altenkirch, Thorsten and McBride, Conor and Swierstra, Wouter},
  title     = {Observational equality, now!},
  year      = 2007,
  isbn      = {9781595936776},
  publisher = {Association for Computing Machinery},
  address   = {New York, NY, USA},
  doi       = {10.1145/1292597.1292608},
  booktitle = {Proceedings of the 2007 Workshop on Programming Languages Meets Program Verification},
  pages     = {57--68},
  numpages  = 12,
  location  = {Freiburg, Germany},
  series    = {PLPV '07}
}

@article{cubical-agda,
  author     = {Vezzosi, Andrea and M\"{o}rtberg, Anders and Abel, Andreas},
  title      = {Cubical Agda: a dependently typed programming language with univalence and higher inductive types},
  year       = 2019,
  publisher  = {Association for Computing Machinery},
  address    = {New York, NY, USA},
  volume     = 3,
  number     = {ICFP},
  url        = {https://doi.org/10.1145/3341691},
  doi        = {10.1145/3341691},
  journal    = {Proc. ACM Program. Lang.},
  month      = Jul,
  articleno  = 87,
  numpages   = 29
}

@article{ttobs,
  author    = {Pujet, Lo\"{\i}c and Tabareau, Nicolas},
  title     = {{Observational equality: now for good}},
  year      = 2022,
  publisher = {Association for Computing Machinery},
  address   = {New York, NY, USA},
  volume    = 6,
  number    = {POPL},
  url       = {https://doi.org/10.1145/3498693},
  doi       = {10.1145/3498693},
  journal   = {Proc. ACM Program. Lang.},
  month     = Jan,
  articleno = 32,
  numpages  = 27
}

@article{ccobs,
  author     = {Pujet, Lo\"{\i}c and Tabareau, Nicolas},
  title      = {{Impredicative Observational Equality}},
  year       = 2023,
  publisher  = {Association for Computing Machinery},
  address    = {New York, NY, USA},
  volume     = 7,
  number     = {POPL},
  url        = {https://doi.org/10.1145/3571739},
  doi        = {10.1145/3571739},
  journal    = {Proc. ACM Program. Lang.},
  month      = Jan,
  articleno  = 74,
  numpages   = 26
}

@InProceedings{cicobs,
  author    = {Pujet, Lo{\"i}c and Tabareau, Nicolas},
  editor    = {Weirich, Stephanie},
  title     = {{Observational Equality Meets CIC}},
  booktitle = {Programming Languages and Systems},
  year      = 2024,
  publisher = {Springer Nature Switzerland},
  address   = {Cham},
  pages     = {275--301},
  isbn      = {978-3-031-57262-3},
  volume    = 14576,
  doi       = {10.1007/978-3-031-57262-3\_12}
}

@article{bch,
  author  = {Bezem, Marc and Coquand, Thierry and Huber, Simon},
  title   = {{The Univalence Axiom in Cubical Sets}},
  journal = {Journal of Automated Reasoning},
  volume  = 63,
  pages   = {159-171},
  year    = 2019
}

@InProceedings{cchm,
  author    = {Cohen, Cyril and Coquand, Thierry and Huber, Simon and M\"{o}rtberg, Anders},
  title     = {{Cubical Type Theory: A Constructive Interpretation of the Univalence Axiom}},
  booktitle = {21st International Conference on Types for Proofs and Programs (TYPES 2015)},
  pages     = {5:1--5:34},
  series    = {Leibniz International Proceedings in Informatics (LIPIcs)},
  ISBN      = {978-3-95977-030-9},
  ISSN      = {1868-8969},
  year      = 2018,
  volume    = 69,
  editor    = {Uustalu, Tarmo},
  publisher = {Schloss Dagstuhl -- Leibniz-Zentrum f{\"u}r Informatik},
  address   = {Dagstuhl, Germany},
  URN       = {urn:nbn:de:0030-drops-84754},
  doi       = {10.4230/LIPIcs.TYPES.2015.5},
}

@misc{afh,
  title  = {{Computational Higher Type Theory III: Univalent Universes and Exact Equality}}, 
  author = {Angiuli, Carlo and Hou, Kuen-Bang (Favonia) and Harper, Robert},
  year   = 2017,
  url    = {https://arxiv.org/abs/1712.01800},
  doi    = {10.48550/arXiv.1712.01800}
}

@article{cartesian,
  title   = {{Syntax and models of Cartesian cubical type theory}},
  volume  = 31,
  DOI     = {10.1017/S0960129521000347},
  number  = 4,
  journal = {Mathematical Structures in Computer Science},
  author  = {Angiuli, Carlo and Brunerie, Guillaume and Coquand, Thierry and Harper, Robert and Hou (Favonia), Kuen-Bang and Licata, Daniel R.},
  year    = 2021,
  pages   = {424--468}
}

@inproceedings{mathlib,
  author    = {The mathlib Community},
  title     = {The lean mathematical library},
  year      = {2020},
  isbn      = {9781450370974},
  publisher = {Association for Computing Machinery},
  address   = {New York, NY, USA},
  doi       = {10.1145/3372885.3373824},
  booktitle = {Proceedings of the 9th ACM SIGPLAN International Conference on Certified Programs and Proofs},
  pages     = {367–381},
  numpages  = {15},
  location  = {New Orleans, LA, USA},
  series    = {CPP 2020}
}

@InProceedings{mu,
  author    = {Parigot, Michel},
  editor    = {Voronkov, Andrei},
  title     = {{$\lambda$$\mu$-Calculus: An algorithmic interpretation of classical natural deduction}},
  booktitle = {Logic Programming and Automated Reasoning},
  year      = 1992,
  publisher = {Springer Berlin Heidelberg},
  address   = {Berlin, Heidelberg},
  pages     = {190--201},
  isbn      = {978-3-540-47279-7},
  doi       = {10.1007/BFb0013061}
}

@inproceedings{mumu,
  author    = {Curien, Pierre-Louis and Herbelin, Hugo},
  title     = {The duality of computation},
  year      = 2000,
  isbn      = {1581132026},
  publisher = {Association for Computing Machinery},
  address   = {New York, NY, USA},
  doi       = {10.1145/351240.351262},
  booktitle = {Proceedings of the Fifth ACM SIGPLAN International Conference on Functional Programming},
  pages     = {233--243},
  numpages  = {11},
  series    = {ICFP '00}
}

@InProceedings{dl,
  author    = {Miquey, {\'E}tienne},
  editor    = {Yang, Hongseok},
  title     = {{A Classical Sequent Calculus with Dependent Types}},
  booktitle = {Programming Languages and Systems},
  year      = 2017,
  publisher = {Springer Berlin Heidelberg},
  address   = {Berlin, Heidelberg},
  pages     = {777--803},
  isbn      = {978-3-662-54434-1},
  doi       = {10.1007/978-3-662-54434-1\_29}
}

@article{sr,
  author     = {Cong, Youyou and Asai, Kenichi},
  title      = {Handling delimited continuations with dependent types},
  year       = 2018,
  publisher  = {Association for Computing Machinery},
  address    = {New York, NY, USA},
  volume     = 2,
  number     = {ICFP},
  doi        = {10.1145/3236764},
  journal    = {Proc. ACM Program. Lang.},
  month      = Jul,
  articleno  = 69,
  numpages   = 31
}

@article{sprop,
  author     = {Gilbert, Ga\"{e}tan and Cockx, Jesper and Sozeau, Matthieu and Tabareau, Nicolas},
  title      = {{Definitional proof-irrelevance without K}},
  year       = 2019,
  publisher  = {Association for Computing Machinery},
  address    = {New York, NY, USA},
  volume     = 3,
  number     = {POPL},
  doi        = {10.1145/3290316},
  journal    = {Proc. ACM Program. Lang.},
  month      = Jan,
  articleno  = 3,
  numpages   = 28
}

@phdthesis{axiomk,
  title   = {{Investigations into intensional type theory}},
  author  = {Streicher, Thomas},
  school  = {Ludwig Maximilian Universit{\"a}t},
  journal = {Habilitiation Thesis},
  address = {Munich, Germany},
  url     = {https://www2.mathematik.tu-darmstadt.de/~streicher/HabilStreicher.pdf},
  pages   = 57,
  month   = Nov,
  year    = 1993
}

@article{logrel,
  title   = {{Intensional interpretations of functionals of finite type I}},
  volume  = 32,
  DOI     = {10.2307/2271658},
  number  = 2,
  journal = {Journal of Symbolic Logic},
  author  = {Tait, William Walker},
  year    = 1967,
  pages   = {198--212}
}

@article{trees,
  author  = {Coquand, Thierry},
  title   = {{The paradox of trees}},
  journal = {BIT Numerical Mathematics},
  volume  = 32,
  pages   = {10--14},
  month   = Mar,
  year    = 1992,
  doi     = {10.1007/BF01995104}
}

@techreport{strong-pair,
  author      = {Hook, James G. and Howe, Douglas J.},
  institution = {Cornell University},
  title       = {Impredicative Strong Existential Equivalent to Type:Type},
  month       = Jun,
  year        = 1986,
  number      = {TR86-760},
  url         = {https://hdl.handle.net/1813/6600}
}

@article{em-irr,
  title   = {Proof-irrelevance out of excluded-middle and choice in the calculus of constructions},
  volume  = 6,
  DOI     = {10.1017/S0956796800001829},
  number  = 3,
  journal = {Journal of Functional Programming},
  author  = {Barbanera, Franco and Berardi, Stefano},
  year    = 1996,
  pages   = {519--526}
}

@article{hedberg,
  title   = {{A coherence theorem for Martin-L\"of’s type theory}},
  volume  = 8,
  DOI     = {10.1017/S0956796898003153},
  number  = 4,
  journal = {Journal of Functional Programming},
  author  = {Hedberg, Michael},
  year    = 1998,
  pages   = {413--436}
}

@article{pts,
  title     = {{Introduction to generalized type systems}},
  author    = {Barendregt, Henk},
  year      = 1991,
  journal   = {Journal of Functional Programming},
  publisher = {Cambridge University Press},
  volume    = 1,
  number    = 2,
  pages     = {462--490},
  doi       = {10.1017/s0956796800020025}
}

@inproceedings{dcc,
  title      = {{A Core Calculus of Dependency}},
  author     = {Abadi, Mart\'{\i}n and Banerjee, Anindya and Heintze, Nevin and Riecke, Jon G.},
  year       = 1999,
  booktitle  = {Proceedings of the 26th ACM SIGPLAN-SIGACT Symposium on Principles of Programming Languages},
  location   = {San Antonio, Texas, USA},
  publisher  = {Association for Computing Machinery},
  address    = {New York, NY, USA},
  series     = {POPL '99},
  pages      = {147--160},
  doi        = {10.1145/292540.292555},
  isbn       = 1581130953,
  numpages   = 14
}

@inproceedings{syntactic,
  author    = {Boulier, Simon and P\'{e}drot, Pierre-Marie and Tabareau, Nicolas},
  title     = {The next 700 syntactical models of type theory},
  year      = 2017,
  isbn      = {9781450347051},
  publisher = {Association for Computing Machinery},
  address   = {New York, NY, USA},
  doi       = {10.1145/3018610.3018620},
  booktitle = {Proceedings of the 6th ACM SIGPLAN Conference on Certified Programs and Proofs},
  pages     = {182--194},
  numpages  = 13,
  location  = {Paris, France},
  series    = {CPP 2017}
}

@article{ghosts,
  author     = {Winterhalter, Th\'{e}o},
  title      = {{Dependent Ghosts Have a Reflection for Free}},
  year       = {2024},
  issue_date = {August 2024},
  publisher  = {Association for Computing Machinery},
  address    = {New York, NY, USA},
  volume     = 8,
  number     = {ICFP},
  url        = {https://doi.org/10.1145/3674647},
  doi        = {10.1145/3674647},
  journal    = {Proc. ACM Program. Lang.},
  month      = Aug,
  articleno  = 258,
  numpages   = 29
}

@misc{pi-forall,
  doi    = {10.48550/arxiv.2207.02129},  
  author = {Weirich, Stephanie},
  title  = {{Implementing Dependent Types in pi-forall}},  
  note   = {Lecture notes for the Oregon Programming Languages Summer School},
  year   = {2022}
}

@InProceedings{stratt,
  author    = {Chan, Jonathan and Weirich, Stephanie},
  editor    = {Vafeiadis, Viktor},
  title     = {{Stratified Type Theory}},
  booktitle = {Programming Languages and Systems},
  year      = {2025},
  publisher = {Springer Nature Switzerland},
  address   = {Cham},
  pages     = {0--0},
  isbn      = {978-3-031-xxxxx-x},
}

@inproceedings{lambda-theta,
  author    = {Casinghino, Chris and Sj\"{o}berg, Vilhelm and Weirich, Stephanie},
  title     = {{Combining proofs and programs in a dependently typed language}},
  year      = 2014,
  isbn      = {9781450325448},
  publisher = {Association for Computing Machinery},
  address   = {New York, NY, USA},
  url       = {https://doi.org/10.1145/2535838.2535883},
  doi       = {10.1145/2535838.2535883},
  booktitle = {Proceedings of the 41st ACM SIGPLAN-SIGACT Symposium on Principles of Programming Languages},
  pages     = {33--45},
  numpages  = 13,
  location  = {San Diego, California, USA},
  series    = {POPL '14}
}

@inproceedings{sep3,
  author    = {Kimmell, Garrin and Stump, Aaron and Eades, Harley D. and Fu, Peng and Sheard, Tim and Weirich, Stephanie and Casinghino, Chris and Sj\"{o}berg, Vilhelm and Collins, Nathan and Ahn, Ki Yung},
  title     = {{Equational reasoning about programs with general recursion and call-by-value semantics}},
  year      = 2012,
  isbn      = {9781450311250},
  publisher = {Association for Computing Machinery},
  address   = {New York, NY, USA},
  url       = {https://doi.org/10.1145/2103776.2103780},
  doi       = {10.1145/2103776.2103780},
  booktitle = {Proceedings of the Sixth Workshop on Programming Languages Meets Program Verification},
  pages     = {15--26},
  numpages  = 12,
  location  = {Philadelphia, Pennsylvania, USA},
  series    = {PLPV '12}
}

@article{2ltt,
  title   = {{Two-level type theory and applications}},
  volume  = 33,
  DOI     = {10.1017/S0960129523000130},
  number  = 8,
  journal = {Mathematical Structures in Computer Science},
  author  = {Annenkov, Danil and Capriotti, Paolo and Kraus, Nicolai and Sattler, Christian},
  year    = 2023,
  pages   = {688--743}
}

@phdthesis{nax,
  author = {Ahn, Ki Yung},
  school = {Portland State University},
  title  = {{The Nax Language: Unifying Functional Programming and Logical Reasoning in a Language based on Mendler-style Recursion Schemes and Term-indexed TypesTerm-indexed Types}},
  year   = 2014,
  doi    = {10.15760/etd.2086}
}

@InProceedings{idris2,
  author    = {Brady, Edwin},
  title     = {{Idris 2: Quantitative Type Theory in Practice}},
  booktitle = {35th European Conference on Object-Oriented Programming (ECOOP 2021)},
  pages     = {9:1--9:26},
  series    = {Leibniz International Proceedings in Informatics (LIPIcs)},
  ISBN      = {978-3-95977-190-0},
  ISSN      = {1868-8969},
  year      = 2021,
  volume    = 194,
  editor    = {M{\"o}ller, Anders and Sridharan, Manu},
  publisher = {Schloss Dagstuhl -- Leibniz-Zentrum f{\"u}r Informatik},
  address   = {Dagstuhl, Germany},
  URN       = {urn:nbn:de:0030-drops-140527},
  doi       = {10.4230/LIPIcs.ECOOP.2021.9}
}

@inproceedings{qtt,
  author    = {Atkey, Robert},
  title     = {{Syntax and Semantics of Quantitative Type Theory}},
  year      = 2018,
  isbn      = {9781450355834},
  publisher = {Association for Computing Machinery},
  address   = {New York, NY, USA},
  doi       = {10.1145/3209108.3209189},
  booktitle = {Proceedings of the 33rd Annual ACM/IEEE Symposium on Logic in Computer Science},
  pages     = {56--65},
  numpages  = 10,
  location  = {Oxford, United Kingdom},
  series    = {LICS '18}
}

@article{fstar,
  author     = {Swamy, Nikhil and Hri\c{t}cu, C\u{a}t\u{a}lin and Keller, Chantal and Rastogi, Aseem and Delignat-Lavaud, Antoine and Forest, Simon and Bhargavan, Karthikeyan and Fournet, C\'{e}dric and Strub, Pierre-Yves and Kohlweiss, Markulf and Zinzindohoue, Jean-Karim and Zanella-B\'{e}guelin, Santiago},
  title      = {{Dependent types and multi-monadic effects in F*}},
  year       = 2016,
  publisher  = {Association for Computing Machinery},
  address    = {New York, NY, USA},
  volume     = 51,
  number     = 1,
  issn       = {0362-1340},
  doi        = {10.1145/2914770.2837655},
  month      = Jan,
  pages      = {256--270},
  numpages   = {15},
  journal    = {ACM SIGPLAN Notices}
}

@misc{total-fstar,
  author = {Rastogi, Aseem and Martínez, Guido and Fromherz, Aymeric and Ramananandro, Tahina and Swamy, Nikhil},
  title  = {{Programming and Proving with Indexed Effects}},
  year   = {2021},
  url    = {https://fstar-lang.org/papers/indexedeffects/indexedeffects.pdf}
}

@inproceedings{control,
  author    = {Griffin, Timothy G.},
  title     = {{A formulae-as-type notion of control}},
  year      = 1989,
  isbn      = {0897913434},
  publisher = {Association for Computing Machinery},
  address   = {New York, NY, USA},
  doi       = {10.1145/96709.96714},
  booktitle = {Proceedings of the 17th ACM SIGPLAN-SIGACT Symposium on Principles of Programming Languages},
  pages     = {47--58},
  numpages  = 12,
  location  = {San Francisco, California, USA},
  series    = {POPL '90}
}

@InProceedings{2ls,
  author    = {Altenkirch, Thorsten and Capriotti, Paolo and Kraus, Nicolai},
  title     = {{Extending Homotopy Type Theory with Strict Equality}},
  booktitle = {25th EACSL Annual Conference on Computer Science Logic (CSL 2016)},
  pages     = {21:1--21:17},
  series    = {Leibniz International Proceedings in Informatics (LIPIcs)},
  ISBN      = {978-3-95977-022-4},
  ISSN      = {1868-8969},
  year      = 2016,
  volume    = 62,
  editor    = {Talbot, Jean-Marc and Regnier, Laurent},
  publisher = {Schloss Dagstuhl -- Leibniz-Zentrum f{\"u}r Informatik},
  address   = {Dagstuhl, Germany},
  URN       = {urn:nbn:de:0030-drops-65612},
  doi       = {10.4230/LIPIcs.CSL.2016.21}
}

@phdthesis{proofs-programs,
  author = {Casinghino, Chris},
  school = {University of Pennsylvania},
  title  = {{Combining Proofs and Programs}},
  year   = 2015,
  month  = Nov,
  url    = {https://repository.upenn.edu/handle/20.500.14332/28018}
}

@phdthesis{zombie,
  author = {Sj\"oberg, Vilhelm},
  school = {University of Pennsylvania},
  title  = {A Dependently Typed Language with Nontermination},
  year   = 2015,
  month  = Jul,
  url    = {https://repository.upenn.edu/handle/20.500.14332/27918}
}

@InProceedings{cc,
  author    = {Geuvers, Herman},
  editor    = {Dybjer, Peter and Nordstr{\"o}m, Bengt and Smith, Jan},
  title     = {{A short and flexible proof of strong normalization for the calculus of constructions}},
  booktitle = {Types for Proofs and Programs},
  year      = 1995,
  publisher = {Springer Berlin Heidelberg},
  address   = {Berlin, Heidelberg},
  pages     = {14--38},
  isbn      = {978-3-540-47770-9}
}

@software{dcoi-artifact,
  author    = {Liu, Yiyun and Chan, Jonathan and Weirich, Stephanie},
  title     = {{Artifact associated with Consistency of a Dependent Calculus of Indistinguishability}},
  month     = Oct,
  year      = 2024,
  publisher = {Zenodo},
  doi       = {10.5281/zenodo.13930551}
}

@article{system-de,
  author     = {Liu, Yiyun and Weirich, Stephanie},
  title      = {{Dependently-Typed Programming with Logical Equality Reflection}},
  year       = 2023,
  publisher  = {Association for Computing Machinery},
  address    = {New York, NY, USA},
  volume     = 7,
  number     = {ICFP},
  doi        = {10.1145/3607852},
  journal    = {Proc. ACM Program. Lang.},
  month      = Aug,
  articleno  = 210,
  numpages   = 37
}

@software{ghc,
  author    = {{GHC Development Team}},
  title     = {{The Glasgow Haskell Compiler}},
  url       = {https://www.haskell.org/ghc/}
}

@article{system-dc,
  author     = {Weirich, Stephanie and Voizard, Antoine and de Amorim, Pedro Henrique Azevedo and Eisenberg, Richard A.},
  title      = {{A specification for dependent types in Haskell}},
  year       = 2017,
  publisher  = {Association for Computing Machinery},
  address    = {New York, NY, USA},
  volume     = 1,
  number     = {ICFP},
  doi        = {10.1145/3110275},
  journal    = {Proc. ACM Program. Lang.},
  month      = Aug,
  articleno  = 31,
  numpages   = 29
}